<record><leader>00000cas a22000007a 4500</leader><controlfield tag="001">26486601</controlfield><controlfield tag="008">920826d18321836nyuwr ne      0    0eng d</controlfield><datafield ind1=" " ind2=" " tag="010"><subfield code="a">sn 92061795 </subfield></datafield><datafield ind1=" " ind2=" " tag="040"><subfield code="a">NYS</subfield><subfield code="b">eng</subfield><subfield code="c">NYS</subfield><subfield code="d">OCL</subfield><subfield code="d">OCLCQ</subfield><subfield code="d">OCLCO</subfield></datafield><datafield ind1="1" ind2=" " tag="029"><subfield code="a">AU@</subfield><subfield code="b">000020126231</subfield></datafield><datafield ind1=" " ind2=" " tag="042"><subfield code="a">msc</subfield></datafield><datafield ind1=" " ind2=" " tag="043"><subfield code="a">n-us-ny</subfield></datafield><datafield ind1="0" ind2=" " tag="130"><subfield code="a">Allegany Republican (Angelica, N.Y. : 1832)</subfield></datafield><datafield ind1="1" ind2="0" tag="245"><subfield code="a">Allegany Republican.</subfield></datafield><datafield ind1="1" ind2="3" tag="246"><subfield code="a">Allegany Republican, internal improvement advocate, and general intelligencer</subfield><subfield code="f">&lt;1832&gt;</subfield></datafield><datafield ind1="3" ind2="0" tag="246"><subfield code="a">Angelica Republican and farmers' mechanics' press</subfield></datafield><datafield ind1=" " ind2=" " tag="260"><subfield code="a">Angelica, Allegany County, N.Y. :</subfield><subfield code="b">Daniel Crist, Jr.</subfield></datafield><datafield ind1=" " ind2=" " tag="300"><subfield code="a">v.</subfield></datafield><datafield ind1=" " ind2=" " tag="310"><subfield code="a">Weekly</subfield></datafield><datafield ind1="1" ind2=" " tag="362"><subfield code="a">Began in 1832.</subfield></datafield><datafield ind1="1" ind2=" " tag="362"><subfield code="a">Ceased in 1836? Cf. French, J.H. Gazetteer of the State of N.Y., 1860.</subfield></datafield><datafield ind1=" " ind2=" " tag="500"><subfield code="a">Jan. 30, 1833 issue published as: Angelica Republican and farmers' mechanics' press.</subfield></datafield><datafield ind1=" " ind2=" " tag="500"><subfield code="a">Publishers: Daniel Crist, Jr., &lt;1832&gt;; B.F. Smead, &lt;1833&gt;.</subfield></datafield><datafield ind1=" " ind2=" " tag="588"><subfield code="a">Description based on: New ser., vol. 1, no. 24 (Aug. 20, 1832).</subfield></datafield><datafield ind1=" " ind2="0" tag="651"><subfield code="a">Angelica (N.Y.)</subfield><subfield code="v">Newspapers.</subfield></datafield><datafield ind1=" " ind2="0" tag="651"><subfield code="a">Allegany County (N.Y.)</subfield><subfield code="v">Newspapers.</subfield></datafield><datafield ind1=" " ind2=" " tag="752"><subfield code="a">United States</subfield><subfield code="b">New York</subfield><subfield code="c">Allegany</subfield><subfield code="d">Angelica.</subfield></datafield><datafield ind1="0" ind2="0" tag="780"><subfield code="t">Angelica Republican and farmers' and mechanics' press</subfield><subfield code="w">(DLC)sn 84031446</subfield></datafield><datafield ind1="0" ind2="0" tag="785"><subfield code="t">Angelica Republican and Allegany Whig</subfield><subfield code="w">(DLC)sn 84031465</subfield></datafield></record>